
@online{mitchell_nist_2018,
	title = {{NIST} {AMR} Benchmarks},
	url = {https://math.nist.gov/amr-benchmark/index.html},
	titleaddon = {{NIST} Adaptive Mesh Refinment Benchmark Problems},
	author = {Mitchell, William F.},
	urldate = {2020-02-21},
	date = {2018-03-06},
	langid = {english},
	keywords = {Testbed Functions}
}